<record xmlns="http://www.loc.gov/MARC21/slim">
   <leader>01877cam a2200337 i 45 0</leader>
   <controlfield tag="001">6855850</controlfield>
   <controlfield tag="003">OCoLC</controlfield>
   <controlfield tag="005">20150310104026.0</controlfield>
   <controlfield tag="008">140512t20152014nyu           000 1 eng d</controlfield>
   <datafield ind1=" " ind2=" " tag="020">
      <subfield code="a">9780062284426</subfield>
   </datafield>
   <datafield ind1=" " ind2=" " tag="020">
      <subfield code="a">0062284428</subfield>
   </datafield>
   <datafield ind1=" " ind2=" " tag="035">
      <subfield code="a">ocn879583331</subfield>
   </datafield>
   <datafield ind1=" " ind2=" " tag="040">
      <subfield code="a">YDXCP</subfield>
      <subfield code="b">eng</subfield>
      <subfield code="e">rda</subfield>
      <subfield code="c">YDXCP</subfield>
      <subfield code="d">OCLCQ</subfield>
      <subfield code="d">BTCTA</subfield>
      <subfield code="d">BDX</subfield>
      <subfield code="d">OCLCQ</subfield>
      <subfield code="d">WIM</subfield>
      <subfield code="d">IH7</subfield>
      <subfield code="d">JBL</subfield>
      <subfield code="d">T7A</subfield>
      <subfield code="d">AEVC</subfield>
   </datafield>
   <datafield ind1=" " ind2="4" tag="050">
      <subfield code="a">PS3565.D53</subfield>
      <subfield code="b">M3 2015</subfield>
   </datafield>
   <datafield ind1="0" ind2="4" tag="082">
      <subfield code="a">813.54</subfield>
      <subfield code="2">23</subfield>
   </datafield>
   <datafield ind1=" " ind2=" " tag="090">
      <subfield code="a">Sci-fi ODO</subfield>
      <subfield code="b">AEVC</subfield>
   </datafield>
   <datafield ind1="1" ind2=" " tag="100">
      <subfield code="a">Odom, Mel,</subfield>
      <subfield code="e">author.</subfield>
   </datafield>
   <datafield ind1="1" ind2="0" tag="245">
      <subfield code="a">Master sergeant /</subfield>
      <subfield code="c">Mel Odom.</subfield>
   </datafield>
   <datafield ind1=" " ind2="1" tag="264">
      <subfield code="a">New York, New York :</subfield>
      <subfield code="b">Harper Voyager, an imprint of HarperCollinsPublishers,</subfield>
      <subfield code="c">[2015]</subfield>
   </datafield>
   <datafield ind1=" " ind2="4" tag="264">
      <subfield code="c">©2014</subfield>
   </datafield>
   <datafield ind1=" " ind2=" " tag="300">
      <subfield code="a">368 pages ;</subfield>
      <subfield code="c">18 cm.</subfield>
   </datafield>
   <datafield ind1=" " ind2=" " tag="336">
      <subfield code="a">text</subfield>
      <subfield code="b">txt</subfield>
      <subfield code="2">rdacontent</subfield>
   </datafield>
   <datafield ind1=" " ind2=" " tag="337">
      <subfield code="a">unmediated</subfield>
      <subfield code="b">n</subfield>
      <subfield code="2">rdamedia</subfield>
   </datafield>
   <datafield ind1=" " ind2=" " tag="338">
      <subfield code="a">volume</subfield>
      <subfield code="b">nc</subfield>
      <subfield code="2">rdacarrier</subfield>
   </datafield>
   <datafield ind1="1" ind2=" " tag="490">
      <subfield code="a">The Makaum War ;</subfield>
      <subfield code="v">book 1</subfield>
   </datafield>
   <datafield ind1=" " ind2=" " tag="520">
      <subfield code="a">"They call it The Green Hell. A maze of tangled jungle, the planet Makaum is one of the most dangerous places in the universe. And for Terran Military Master Sergeant Frank Sage, it is now home. The war between the Terrans and the Phrenorians rages, and both sides have their sights set on Makaum. If the planet's rich resources fall into enemy hands it could mean devastation for the Terran Army. To ensure that doesn't happen, Sage is sent to assess the Makaum troops and bring them in line with Terran Military standards. But soon after arriving at his post, he realizes the Phrenorians are not the only threat. Heading up a small but fearless unit, Sage must stop a brewing civil war with the power to unleash a galactic cataclysm unlike anything ever seen" --</subfield>
      <subfield code="c">from publisher's web site.</subfield>
   </datafield>
   <datafield ind1=" " ind2=" " tag="596">
      <subfield code="a">3</subfield>
   </datafield>
   <datafield ind1=" " ind2="0" tag="650">
      <subfield code="a">Space warfare</subfield>
      <subfield code="v">Fiction.</subfield>
   </datafield>
   <datafield ind1=" " ind2="0" tag="655">
      <subfield code="a">Science fiction.</subfield>
   </datafield>
   <datafield ind1="1" ind2=" " tag="800">
      <subfield code="a">Odom, Mel.</subfield>
      <subfield code="t">Makaum War ;</subfield>
      <subfield code="v">bk. 1.</subfield>
   </datafield>
   <datafield ind1=" " ind2=" " tag="926">
      <subfield code="a">Sci-fi ODO</subfield>
      <subfield code="w">ASIS</subfield>
      <subfield code="c">1</subfield>
      <subfield code="i">33862001356157</subfield>
      <subfield code="l">PAPERBACKS</subfield>
      <subfield code="m">NORQ_MAIN</subfield>
      <subfield code="p">$7.49</subfield>
      <subfield code="r">Y</subfield>
      <subfield code="s">Y</subfield>
      <subfield code="t">PAPERBACK</subfield>
      <subfield code="u">3/23/2015</subfield>
   </datafield>
</record>
